<?xml version="1.0" encoding="UTF-8"?>
<collection xmlns="http://www.loc.gov/MARC21/slim">
    <record type="Authority">
        <leader>04821nz  a2200961n  4500</leader>
        <controlfield tag="001">11862444X</controlfield>
        <controlfield tag="003">DE-101</controlfield>
        <controlfield tag="005">20150204004934.0</controlfield>
        <controlfield tag="008">880701n||azznnaabn           | aaa    |c</controlfield>
        <datafield tag="024" ind1="7" ind2=" ">
            <subfield code="a">http://d-nb.info/gnd/11862444X</subfield>
            <subfield code="2">uri</subfield>
        </datafield>
        <datafield tag="035" ind1=" " ind2=" ">
            <subfield code="a">(DE-101)11862444X</subfield>
        </datafield>
        <datafield tag="035" ind1=" " ind2=" ">
            <subfield code="a">(DE-588)11862444X</subfield>
        </datafield>
        <datafield tag="035" ind1=" " ind2=" ">
            <subfield code="z">(DE-588)141300256</subfield>
        </datafield>
        <datafield tag="035" ind1=" " ind2=" ">
            <subfield code="z">(DE-588a)141300256</subfield>
            <subfield code="9">v:zg</subfield>
        </datafield>
        <datafield tag="035" ind1=" " ind2=" ">
            <subfield code="z">(DE-588a)11862444X</subfield>
            <subfield code="9">v:zg</subfield>
        </datafield>
        <datafield tag="035" ind1=" " ind2=" ">
            <subfield code="z">(DE-588a)13458970X</subfield>
        </datafield>
        <datafield tag="035" ind1=" " ind2=" ">
            <subfield code="z">(DE-588a)12711131X</subfield>
        </datafield>
        <datafield tag="035" ind1=" " ind2=" ">
            <subfield code="z">(DE-101c)310279704</subfield>
        </datafield>
        <datafield tag="035" ind1=" " ind2=" ">
            <subfield code="z">(DE-588c)4061142-5</subfield>
            <subfield code="9">v:zg</subfield>
        </datafield>
        <datafield tag="040" ind1=" " ind2=" ">
            <subfield code="a">DE-101</subfield>
            <subfield code="9">r:DE-101</subfield>
            <subfield code="b">ger</subfield>
            <subfield code="d">9999</subfield>
        </datafield>
        <datafield tag="043" ind1=" " ind2=" ">
            <subfield code="c">XA-DE</subfield>
            <subfield code="c">XA-FR</subfield>
            <subfield code="c">XA-SE</subfield>
        </datafield>
        <datafield tag="065" ind1=" " ind2=" ">
            <subfield code="a">12.2p</subfield>
            <subfield code="2">sswd</subfield>
        </datafield>
        <datafield tag="065" ind1=" " ind2=" ">
            <subfield code="a">2.3p</subfield>
            <subfield code="2">sswd</subfield>
        </datafield>
        <datafield tag="079" ind1=" " ind2=" ">
            <subfield code="a">g</subfield>
            <subfield code="b">p</subfield>
            <subfield code="c">1</subfield>
            <subfield code="q">s</subfield>
            <subfield code="q">f</subfield>
            <subfield code="q">z</subfield>
            <subfield code="q">l</subfield>
            <subfield code="q">m</subfield>
            <subfield code="u">v</subfield>
            <subfield code="u">w</subfield>
            <subfield code="u">k</subfield>
            <subfield code="u">m</subfield>
            <subfield code="u">z</subfield>
            <subfield code="u">e</subfield>
            <subfield code="u">o</subfield>
            <subfield code="v">pip</subfield>
        </datafield>
        <datafield tag="100" ind1="1" ind2=" ">
            <subfield code="a">Tucholsky, Kurt</subfield>
            <subfield code="d">1890-1935</subfield>
        </datafield>
        <datafield tag="375" ind1=" " ind2=" ">
            <subfield code="a">1</subfield>
            <subfield code="2">iso5218</subfield>
        </datafield>
        <datafield tag="400" ind1="1" ind2=" ">
            <subfield code="a">Grotius, Hugo</subfield>
            <subfield code="d">1890-1935</subfield>
            <subfield code="9">4:pseu</subfield>
            <subfield code="w">r</subfield>
            <subfield code="i">Pseudonym</subfield>
            <subfield code="e">Pseudonym</subfield>
        </datafield>
        <datafield tag="400" ind1="1" ind2=" ">
            <subfield code="a">Tucholsky, ...</subfield>
            <subfield code="d">1890-1935</subfield>
        </datafield>
        <datafield tag="400" ind1="1" ind2=" ">
            <subfield code="a">Tucholʹskij, Kurt</subfield>
            <subfield code="d">1890-1935</subfield>
            <subfield code="9">v:Russ. Vorlageform, RAK-WB</subfield>
        </datafield>
        <datafield tag="400" ind1="1" ind2=" ">
            <subfield code="a">Tukholʹskiĭ, Kurt</subfield>
            <subfield code="d">1890-1935</subfield>
            <subfield code="9">v:Russ. Vorlageform, AACR</subfield>
        </datafield>
        <datafield tag="400" ind1="1" ind2=" ">
            <subfield code="a">Tûkôlsqî, Qûrṭ</subfield>
            <subfield code="d">1890-1935</subfield>
        </datafield>
        <datafield tag="400" ind1="1" ind2=" ">
            <subfield code="a">Tukôlsqî, Qûrṭ</subfield>
            <subfield code="d">1890-1935</subfield>
        </datafield>
        <datafield tag="400" ind1="1" ind2=" ">
            <subfield code="a">Bünzly, Paulus</subfield>
            <subfield code="d">1890-1935</subfield>
            <subfield code="9">4:pseu</subfield>
            <subfield code="w">r</subfield>
            <subfield code="i">Pseudonym</subfield>
            <subfield code="e">Pseudonym</subfield>
        </datafield>
        <datafield tag="400" ind1="1" ind2=" ">
            <subfield code="a">Körner, Theobald</subfield>
            <subfield code="d">1890-1935</subfield>
            <subfield code="9">4:pseu</subfield>
            <subfield code="w">r</subfield>
            <subfield code="i">Pseudonym</subfield>
            <subfield code="e">Pseudonym</subfield>
        </datafield>
        <datafield tag="400" ind1="0" ind2=" ">
            <subfield code="a">Old Shatterhand</subfield>
            <subfield code="d">1890-1935</subfield>
            <subfield code="9">4:pseu</subfield>
            <subfield code="w">r</subfield>
            <subfield code="i">Pseudonym</subfield>
            <subfield code="e">Pseudonym</subfield>
        </datafield>
        <datafield tag="400" ind1="1" ind2=" ">
            <subfield code="a">Hauser, Kaspar</subfield>
            <subfield code="d">1890-1935</subfield>
            <subfield code="9">4:pseu</subfield>
            <subfield code="w">r</subfield>
            <subfield code="i">Pseudonym</subfield>
            <subfield code="e">Pseudonym</subfield>
        </datafield>
        <datafield tag="400" ind1="1" ind2=" ">
            <subfield code="a">Panter, Peter</subfield>
            <subfield code="d">1890-1935</subfield>
            <subfield code="9">4:pseu</subfield>
            <subfield code="w">r</subfield>
            <subfield code="i">Pseudonym</subfield>
            <subfield code="e">Pseudonym</subfield>
        </datafield>
        <datafield tag="400" ind1="1" ind2=" ">
            <subfield code="a">Tiger, Theobald</subfield>
            <subfield code="d">1890-1935</subfield>
            <subfield code="9">4:pseu</subfield>
            <subfield code="w">r</subfield>
            <subfield code="i">Pseudonym</subfield>
            <subfield code="e">Pseudonym</subfield>
        </datafield>
        <datafield tag="400" ind1="1" ind2=" ">
            <subfield code="a">Wrobel, Ignaz</subfield>
            <subfield code="d">1890-1935</subfield>
            <subfield code="9">4:pseu</subfield>
            <subfield code="w">r</subfield>
            <subfield code="i">Pseudonym</subfield>
            <subfield code="e">Pseudonym</subfield>
        </datafield>
        <datafield tag="400" ind1="1" ind2=" ">
            <subfield code="9">U:Cyrl</subfield>
            <subfield code="a">Тухольский, Курт</subfield>
            <subfield code="d">1890-1935</subfield>
        </datafield>
        <datafield tag="400" ind1="1" ind2=" ">
            <subfield code="9">U:Hebr</subfield>
            <subfield code="a">טוכולסקי, קורט</subfield>
            <subfield code="d">1890-1935</subfield>
            <subfield code="5">DE-576</subfield>
        </datafield>
        <datafield tag="400" ind1="0" ind2=" ">
            <subfield code="9">U:Jpan</subfield>
            <subfield code="a">クルト・トゥホルスキー</subfield>
            <subfield code="d">1890-1935</subfield>
            <subfield code="5">DE-576</subfield>
        </datafield>
        <datafield tag="500" ind1="1" ind2=" ">
            <subfield code="0">(DE-101)116841508</subfield>
            <subfield code="0">(DE-588)116841508</subfield>
            <subfield code="a">Matthias, Lisa</subfield>
            <subfield code="d">1894-1982</subfield>
            <subfield code="9">4:beza</subfield>
            <subfield code="w">r</subfield>
            <subfield code="i">Bekanntschaft</subfield>
            <subfield code="e">Bekanntschaft</subfield>
            <subfield code="9">v:Geliebte</subfield>
        </datafield>
        <datafield tag="500" ind1="1" ind2=" ">
            <subfield code="0">(DE-101)1059793806</subfield>
            <subfield code="0">(DE-588)1059793806</subfield>
            <subfield code="a">Wrobel, Ignaz</subfield>
            <subfield code="d">1890-1935</subfield>
            <subfield code="9">4:pseu</subfield>
            <subfield code="w">r</subfield>
            <subfield code="i">Pseudonym</subfield>
            <subfield code="e">Pseudonym</subfield>
        </datafield>
        <datafield tag="500" ind1="1" ind2=" ">
            <subfield code="0">(DE-101)1059783169</subfield>
            <subfield code="0">(DE-588)1059783169</subfield>
            <subfield code="a">Tiger, Theobald</subfield>
            <subfield code="d">1890-1935</subfield>
            <subfield code="9">4:pseu</subfield>
            <subfield code="w">r</subfield>
            <subfield code="i">Pseudonym</subfield>
            <subfield code="e">Pseudonym</subfield>
        </datafield>
        <datafield tag="548" ind1=" " ind2=" ">
            <subfield code="a">1890-1935</subfield>
            <subfield code="9">4:datl</subfield>
            <subfield code="w">r</subfield>
            <subfield code="i">Lebensdaten</subfield>
        </datafield>
        <datafield tag="548" ind1=" " ind2=" ">
            <subfield code="a">09.01.1890-21.12.1935</subfield>
            <subfield code="9">4:datx</subfield>
            <subfield code="w">r</subfield>
            <subfield code="i">Exakte Lebensdaten</subfield>
        </datafield>
        <datafield tag="550" ind1=" " ind2=" ">
            <subfield code="0">(DE-101)040287815</subfield>
            <subfield code="0">(DE-588)4028781-6</subfield>
            <subfield code="a">Journalist</subfield>
            <subfield code="9">4:beru</subfield>
            <subfield code="w">r</subfield>
            <subfield code="i">Beruf</subfield>
        </datafield>
        <datafield tag="550" ind1=" " ind2=" ">
            <subfield code="0">(DE-101)940630869</subfield>
            <subfield code="0">(DE-588)4333843-4</subfield>
            <subfield code="a">Satiriker</subfield>
            <subfield code="9">4:beru</subfield>
            <subfield code="w">r</subfield>
            <subfield code="i">Beruf</subfield>
        </datafield>
        <datafield tag="550" ind1=" " ind2=" ">
            <subfield code="0">(DE-101)041778278</subfield>
            <subfield code="0">(DE-588)4177827-3</subfield>
            <subfield code="a">Republikaner</subfield>
            <subfield code="9">4:beru</subfield>
            <subfield code="w">r</subfield>
            <subfield code="i">Beruf</subfield>
        </datafield>
        <datafield tag="550" ind1=" " ind2=" ">
            <subfield code="0">(DE-101)041657756</subfield>
            <subfield code="0">(DE-588)4165775-5</subfield>
            <subfield code="a">Kritiker</subfield>
            <subfield code="9">4:beru</subfield>
            <subfield code="w">r</subfield>
            <subfield code="i">Beruf</subfield>
        </datafield>
        <datafield tag="550" ind1=" " ind2=" ">
            <subfield code="0">(DE-101)040290506</subfield>
            <subfield code="0">(DE-588)4029050-5</subfield>
            <subfield code="a">Jurist</subfield>
            <subfield code="9">4:beru</subfield>
            <subfield code="w">r</subfield>
            <subfield code="i">Beruf</subfield>
        </datafield>
        <datafield tag="550" ind1=" " ind2=" ">
            <subfield code="0">(DE-101)040554090</subfield>
            <subfield code="0">(DE-588)4055409-0</subfield>
            <subfield code="a">Soldat</subfield>
            <subfield code="9">4:beru</subfield>
            <subfield code="w">r</subfield>
            <subfield code="i">Beruf</subfield>
        </datafield>
        <datafield tag="550" ind1=" " ind2=" ">
            <subfield code="0">(DE-101)041373847</subfield>
            <subfield code="0">(DE-588)4137384-4</subfield>
            <subfield code="a">Pazifist</subfield>
            <subfield code="9">4:beru</subfield>
            <subfield code="w">r</subfield>
            <subfield code="i">Beruf</subfield>
        </datafield>
        <datafield tag="550" ind1=" " ind2=" ">
            <subfield code="0">(DE-101)040533093</subfield>
            <subfield code="0">(DE-588)4053309-8</subfield>
            <subfield code="a">Schriftsteller</subfield>
            <subfield code="9">4:berc</subfield>
            <subfield code="w">r</subfield>
            <subfield code="i">Charakteristischer Beruf</subfield>
        </datafield>
        <datafield tag="550" ind1=" " ind2=" ">
            <subfield code="a">Bühnenautor</subfield>
            <subfield code="9">4:beru</subfield>
            <subfield code="w">r</subfield>
            <subfield code="i">Beruf</subfield>
        </datafield>
        <datafield tag="550" ind1=" " ind2=" ">
            <subfield code="a">s</subfield>
            <subfield code="9">4:funk</subfield>
            <subfield code="w">r</subfield>
            <subfield code="i">Funktion</subfield>
        </datafield>
        <datafield tag="550" ind1=" " ind2=" ">
            <subfield code="a">Text</subfield>
            <subfield code="9">4:funk</subfield>
            <subfield code="w">r</subfield>
            <subfield code="i">Funktion</subfield>
        </datafield>
        <datafield tag="550" ind1=" " ind2=" ">
            <subfield code="a">Dr. jur.</subfield>
            <subfield code="9">4:akad</subfield>
            <subfield code="w">r</subfield>
            <subfield code="i">Akademischer Grad</subfield>
        </datafield>
        <datafield tag="551" ind1=" " ind2=" ">
            <subfield code="0">(DE-101)040057283</subfield>
            <subfield code="0">(DE-588)4005728-8</subfield>
            <subfield code="a">Berlin</subfield>
            <subfield code="9">4:ortg</subfield>
            <subfield code="w">r</subfield>
            <subfield code="i">Geburtsort</subfield>
        </datafield>
        <datafield tag="551" ind1=" " ind2=" ">
            <subfield code="0">(DE-101)006660606</subfield>
            <subfield code="0">(DE-588)666060-5</subfield>
            <subfield code="a">Hindås</subfield>
            <subfield code="9">4:orts</subfield>
            <subfield code="w">r</subfield>
            <subfield code="i">Sterbeort</subfield>
        </datafield>
        <datafield tag="551" ind1=" " ind2=" ">
            <subfield code="0">(DE-101)04028557x</subfield>
            <subfield code="0">(DE-588)4028557-1</subfield>
            <subfield code="a">Jena</subfield>
            <subfield code="9">4:ortw</subfield>
            <subfield code="w">r</subfield>
            <subfield code="i">Wirkungsort</subfield>
        </datafield>
        <datafield tag="551" ind1=" " ind2=" ">
            <subfield code="0">(DE-101)040057283</subfield>
            <subfield code="0">(DE-588)4005728-8</subfield>
            <subfield code="a">Berlin</subfield>
            <subfield code="9">4:ortw</subfield>
            <subfield code="w">r</subfield>
            <subfield code="i">Wirkungsort</subfield>
        </datafield>
        <datafield tag="551" ind1=" " ind2=" ">
            <subfield code="0">(DE-101)040446603</subfield>
            <subfield code="0">(DE-588)4044660-8</subfield>
            <subfield code="a">Paris</subfield>
            <subfield code="9">4:ortw</subfield>
            <subfield code="w">r</subfield>
            <subfield code="i">Wirkungsort</subfield>
        </datafield>
        <datafield tag="667" ind1=" " ind2=" ">
            <subfield code="a">Basic Heading</subfield>
        </datafield>
        <datafield tag="670" ind1=" " ind2=" ">
            <subfield code="a">DbA (WBIS); Wikipedia</subfield>
        </datafield>
        <datafield tag="670" ind1=" " ind2=" ">
            <subfield code="a">M</subfield>
        </datafield>
        <datafield tag="670" ind1=" " ind2=" ">
            <subfield code="a">B 2006</subfield>
        </datafield>
        <datafield tag="670" ind1=" " ind2=" ">
            <subfield code="a">LCAuth</subfield>
        </datafield>
        <datafield tag="670" ind1=" " ind2=" ">
            <subfield code="a">NUC pre 56</subfield>
        </datafield>
        <datafield tag="670" ind1=" " ind2=" ">
            <subfield code="a">DBE</subfield>
        </datafield>
        <datafield tag="670" ind1=" " ind2=" ">
            <subfield code="a">Kürschner Lit./Nekr. (1936-1970)</subfield>
        </datafield>
        <datafield tag="670" ind1=" " ind2=" ">
            <subfield code="a">Biogr. H Emigr.</subfield>
        </datafield>
        <datafield tag="670" ind1=" " ind2=" ">
            <subfield code="a">Archiv der American Guild for German Cultural Freedom, New York im Deutschen Exilarchiv 1933 – 1945</subfield>
        </datafield>
        <datafield tag="678" ind1=" " ind2=" ">
            <subfield code="b">1915-1918 Soldat an der Ostfront, ab 1916 Herausgeber der Feldzeitung "Der Flieger"; 1924-1926 Korrespondent der "Weltbühne" und der "Vossischen Zeitung" in Paris; 1929 Emigration nach Schweden, 1933 ausgebürgert; starb an einer Überdosis von Barbituraten</subfield>
        </datafield>
        <datafield tag="680" ind1=" " ind2=" ">
            <subfield code="a">Weitere Titel ggf. auch unter dem Pseudonym bzw. dem wirklichen Namen</subfield>
        </datafield>
        <datafield tag="692" ind1=" " ind2=" ">
            <subfield code="a">Fromme Gesänge. - 1919</subfield>
        </datafield>
        <datafield tag="692" ind1=" " ind2=" ">
            <subfield code="a">Das Kurt-Tucholsky-Chanson-Buch. - 1983</subfield>
        </datafield>
        <datafield tag="692" ind1=" " ind2=" ">
            <subfield code="a">Schloß Gripsholm. - 1931</subfield>
        </datafield>
        <datafield tag="692" ind1=" " ind2=" ">
            <subfield code="a">Träumereien an preussischen Kaminen. - 1920</subfield>
        </datafield>
        <datafield tag="700" ind1="1" ind2="7">
            <subfield code="a">Tucholsky, Kurt</subfield>
            <subfield code="d">1890-1935</subfield>
            <subfield code="0">(DLC)n 50081889</subfield>
            <subfield code="2">naf</subfield>
            <subfield code="9">v:1890-1935.</subfield>
        </datafield>
        <datafield tag="913" ind1=" " ind2=" ">
            <subfield code="S">pnd</subfield>
            <subfield code="i">a</subfield>
            <subfield code="a">Tucholsky, Kurt</subfield>
            <subfield code="0">(DE-588a)11862444X</subfield>
        </datafield>
        <datafield tag="913" ind1=" " ind2=" ">
            <subfield code="S">pnd</subfield>
            <subfield code="i">a</subfield>
            <subfield code="a">Tucholsky, Kurt</subfield>
            <subfield code="0">(DE-588a)141300256</subfield>
        </datafield>
    </record>