
    <record type="Authority">
        <leader>06418nz  a2201189n  4500</leader>
        <controlfield tag="001">118577166</controlfield>
        <controlfield tag="003">DE-101</controlfield>
        <controlfield tag="005">20150216191025.0</controlfield>
        <controlfield tag="008">880701n||azznnaabn           | aaa    |c</controlfield>
        <datafield tag="024" ind1="7" ind2=" ">
            <subfield code="a">http://d-nb.info/gnd/118577166</subfield>
            <subfield code="2">uri</subfield>
        </datafield>
        <datafield tag="035" ind1=" " ind2=" ">
            <subfield code="a">(DE-101)118577166</subfield>
        </datafield>
        <datafield tag="035" ind1=" " ind2=" ">
            <subfield code="a">(DE-588)118577166</subfield>
        </datafield>
        <datafield tag="035" ind1=" " ind2=" ">
            <subfield code="z">(DE-588a)118577166</subfield>
            <subfield code="9">v:zg</subfield>
        </datafield>
        <datafield tag="035" ind1=" " ind2=" ">
            <subfield code="z">(DE-588a)131015370</subfield>
        </datafield>
        <datafield tag="035" ind1=" " ind2=" ">
            <subfield code="z">(DE-588a)135162408</subfield>
        </datafield>
        <datafield tag="035" ind1=" " ind2=" ">
            <subfield code="z">(DE-588a)130998109</subfield>
        </datafield>
        <datafield tag="035" ind1=" " ind2=" ">
            <subfield code="z">(DE-588a)127143467</subfield>
        </datafield>
        <datafield tag="035" ind1=" " ind2=" ">
            <subfield code="z">(DE-588a)127143475</subfield>
        </datafield>
        <datafield tag="035" ind1=" " ind2=" ">
            <subfield code="z">(DE-101c)310852404</subfield>
        </datafield>
        <datafield tag="035" ind1=" " ind2=" ">
            <subfield code="z">(DE-588c)4037361-7</subfield>
            <subfield code="9">v:zg</subfield>
        </datafield>
        <datafield tag="040" ind1=" " ind2=" ">
            <subfield code="a">DE-101</subfield>
            <subfield code="9">r:DE-101</subfield>
            <subfield code="b">ger</subfield>
            <subfield code="d">9999</subfield>
        </datafield>
        <datafield tag="043" ind1=" " ind2=" ">
            <subfield code="c">XA-DE</subfield>
            <subfield code="c">XA-CH</subfield>
            <subfield code="c">XD-US</subfield>
        </datafield>
        <datafield tag="065" ind1=" " ind2=" ">
            <subfield code="a">12.2p</subfield>
            <subfield code="2">sswd</subfield>
        </datafield>
        <datafield tag="079" ind1=" " ind2=" ">
            <subfield code="a">g</subfield>
            <subfield code="b">p</subfield>
            <subfield code="c">1</subfield>
            <subfield code="q">s</subfield>
            <subfield code="q">f</subfield>
            <subfield code="q">z</subfield>
            <subfield code="q">l</subfield>
            <subfield code="q">h</subfield>
            <subfield code="u">v</subfield>
            <subfield code="u">w</subfield>
            <subfield code="u">k</subfield>
            <subfield code="u">e</subfield>
            <subfield code="u">m</subfield>
            <subfield code="u">z</subfield>
            <subfield code="u">o</subfield>
            <subfield code="v">piz</subfield>
        </datafield>
        <datafield tag="100" ind1="1" ind2=" ">
            <subfield code="a">Mann, Thomas</subfield>
            <subfield code="d">1875-1955</subfield>
        </datafield>
        <datafield tag="375" ind1=" " ind2=" ">
            <subfield code="a">1</subfield>
            <subfield code="2">iso5218</subfield>
        </datafield>
        <datafield tag="377" ind1=" " ind2="7">
            <subfield code="a">ger</subfield>
            <subfield code="2">iso639-2b</subfield>
        </datafield>
        <datafield tag="400" ind1="1" ind2=" ">
            <subfield code="a">Mann, Paul Thomas</subfield>
            <subfield code="d">1875-1955</subfield>
        </datafield>
        <datafield tag="400" ind1="1" ind2=" ">
            <subfield code="a">Mann, Th.</subfield>
            <subfield code="d">1875-1955</subfield>
        </datafield>
        <datafield tag="400" ind1="1" ind2=" ">
            <subfield code="a">Mann, T.</subfield>
            <subfield code="d">1875-1955</subfield>
        </datafield>
        <datafield tag="400" ind1="1" ind2=" ">
            <subfield code="a">Māna, Tamāsa</subfield>
            <subfield code="d">1875-1955</subfield>
        </datafield>
        <datafield tag="400" ind1="1" ind2=" ">
            <subfield code="a">Mani, T'omas</subfield>
            <subfield code="d">1875-1955</subfield>
        </datafield>
        <datafield tag="400" ind1="1" ind2=" ">
            <subfield code="a">Mān, Tūmās</subfield>
            <subfield code="d">1875-1955</subfield>
        </datafield>
        <datafield tag="400" ind1="0" ind2=" ">
            <subfield code="a">Tuomasi-Man</subfield>
            <subfield code="d">1875-1955</subfield>
        </datafield>
        <datafield tag="400" ind1="1" ind2=" ">
            <subfield code="a">Man, Tuomasi</subfield>
            <subfield code="d">1875-1955</subfield>
        </datafield>
        <datafield tag="400" ind1="1" ind2=" ">
            <subfield code="a">Man, Tômasu</subfield>
            <subfield code="d">1875-1955</subfield>
        </datafield>
        <datafield tag="400" ind1="1" ind2=" ">
            <subfield code="a">Man, T'omasu</subfield>
            <subfield code="d">1875-1955</subfield>
        </datafield>
        <datafield tag="400" ind1="1" ind2=" ">
            <subfield code="a">Man, T'omasŭ</subfield>
            <subfield code="d">1875-1955</subfield>
        </datafield>
        <datafield tag="400" ind1="1" ind2=" ">
            <subfield code="a">Mân, Tômas</subfield>
            <subfield code="d">1875-1955</subfield>
        </datafield>
        <datafield tag="400" ind1="1" ind2=" ">
            <subfield code="a">Man, Tomas</subfield>
            <subfield code="d">1875-1955</subfield>
        </datafield>
        <datafield tag="400" ind1="1" ind2=" ">
            <subfield code="a">Manas, Tomas</subfield>
            <subfield code="d">1875-1955</subfield>
        </datafield>
        <datafield tag="400" ind1="1" ind2=" ">
            <subfield code="a">Mann, Tomasz</subfield>
            <subfield code="d">1875-1955</subfield>
        </datafield>
        <datafield tag="400" ind1="1" ind2=" ">
            <subfield code="a">Mann, Tōmas</subfield>
            <subfield code="d">1875-1955</subfield>
        </datafield>
        <datafield tag="400" ind1="1" ind2=" ">
            <subfield code="a">Mann, Tomas</subfield>
            <subfield code="d">1875-1955</subfield>
        </datafield>
        <datafield tag="400" ind1="1" ind2=" ">
            <subfield code="a">Manns, Tomass</subfield>
            <subfield code="d">1875-1955</subfield>
        </datafield>
        <datafield tag="400" ind1="1" ind2=" ">
            <subfield code="a">Mān, Tōmās</subfield>
            <subfield code="d">1875-1955</subfield>
        </datafield>
        <datafield tag="400" ind1="1" ind2=" ">
            <subfield code="a">Man, Tômas</subfield>
            <subfield code="d">1875-1955</subfield>
        </datafield>
        <datafield tag="400" ind1="0" ind2=" ">
            <subfield code="a">Tuo ma si Man</subfield>
            <subfield code="d">1875-1955</subfield>
        </datafield>
        <datafield tag="400" ind1="0" ind2=" ">
            <subfield code="a">Tuomasi-Man</subfield>
            <subfield code="d">1875-1955</subfield>
        </datafield>
        <datafield tag="400" ind1="1" ind2=" ">
            <subfield code="a">Man, Tuomasi</subfield>
            <subfield code="d">1875-1955</subfield>
        </datafield>
        <datafield tag="400" ind1="1" ind2=" ">
            <subfield code="a">Mann, Paul Thomas</subfield>
            <subfield code="d">1875-1955</subfield>
            <subfield code="9">4:nawi</subfield>
            <subfield code="w">r</subfield>
            <subfield code="i">Wirklicher Name</subfield>
            <subfield code="e">Wirklicher Name</subfield>
        </datafield>
        <datafield tag="400" ind1="1" ind2=" ">
            <subfield code="9">U:Cyrl</subfield>
            <subfield code="9">L:rus</subfield>
            <subfield code="a">Манн, Томас</subfield>
            <subfield code="d">1875-1955</subfield>
        </datafield>
        <datafield tag="400" ind1="1" ind2=" ">
            <subfield code="9">U:Hebr</subfield>
            <subfield code="a">מאן, תומס</subfield>
            <subfield code="d">1875-1955</subfield>
            <subfield code="5">DE-576</subfield>
        </datafield>
        <datafield tag="400" ind1="1" ind2=" ">
            <subfield code="9">U:Jpan</subfield>
            <subfield code="a">マン, トーマス</subfield>
            <subfield code="d">1875-1955</subfield>
            <subfield code="5">DE-576</subfield>
        </datafield>
        <datafield tag="400" ind1="0" ind2=" ">
            <subfield code="9">U:Arab</subfield>
            <subfield code="a">مان، توماس</subfield>
            <subfield code="d">1875-1955</subfield>
            <subfield code="5">DE-576</subfield>
        </datafield>
        <datafield tag="400" ind1="1" ind2=" ">
            <subfield code="9">U:Hans</subfield>
            <subfield code="a">曼, 托马斯</subfield>
            <subfield code="d">1875-1955</subfield>
            <subfield code="5">DE-576</subfield>
        </datafield>
        <datafield tag="400" ind1="1" ind2=" ">
            <subfield code="9">U:Hant</subfield>
            <subfield code="a">曼, 托瑪斯</subfield>
            <subfield code="d">1875-1955</subfield>
            <subfield code="5">DE-576</subfield>
        </datafield>
        <datafield tag="500" ind1="1" ind2=" ">
            <subfield code="0">(DE-101)11857714X</subfield>
            <subfield code="0">(DE-588)11857714X</subfield>
            <subfield code="a">Mann, Katia</subfield>
            <subfield code="d">1883-1980</subfield>
            <subfield code="9">4:bezf</subfield>
            <subfield code="w">r</subfield>
            <subfield code="i">Beziehung familiaer</subfield>
            <subfield code="e">Beziehung familiaer</subfield>
            <subfield code="9">v:Ehefrau</subfield>
        </datafield>
        <datafield tag="500" ind1="1" ind2=" ">
            <subfield code="0">(DE-101)118747436</subfield>
            <subfield code="0">(DE-588)118747436</subfield>
            <subfield code="a">Mann, Erika</subfield>
            <subfield code="d">1905-1969</subfield>
            <subfield code="9">4:bezf</subfield>
            <subfield code="w">r</subfield>
            <subfield code="i">Beziehung familiaer</subfield>
            <subfield code="e">Beziehung familiaer</subfield>
            <subfield code="9">v:Tochter</subfield>
        </datafield>
        <datafield tag="500" ind1="1" ind2=" ">
            <subfield code="0">(DE-101)118577158</subfield>
            <subfield code="0">(DE-588)118577158</subfield>
            <subfield code="a">Mann, Klaus</subfield>
            <subfield code="d">1906-1949</subfield>
            <subfield code="9">4:bezf</subfield>
            <subfield code="w">r</subfield>
            <subfield code="i">Beziehung familiaer</subfield>
            <subfield code="e">Beziehung familiaer</subfield>
            <subfield code="9">v:Sohn</subfield>
        </datafield>
        <datafield tag="500" ind1="1" ind2=" ">
            <subfield code="0">(DE-101)118577123</subfield>
            <subfield code="0">(DE-588)118577123</subfield>
            <subfield code="a">Mann, Golo</subfield>
            <subfield code="d">1909-1994</subfield>
            <subfield code="9">4:bezf</subfield>
            <subfield code="w">r</subfield>
            <subfield code="i">Beziehung familiaer</subfield>
            <subfield code="e">Beziehung familiaer</subfield>
            <subfield code="9">v:Sohn</subfield>
        </datafield>
        <datafield tag="500" ind1="1" ind2=" ">
            <subfield code="0">(DE-101)116733721</subfield>
            <subfield code="0">(DE-588)116733721</subfield>
            <subfield code="a">Mann, Monika</subfield>
            <subfield code="d">1910-1992</subfield>
            <subfield code="9">4:bezf</subfield>
            <subfield code="w">r</subfield>
            <subfield code="i">Beziehung familiaer</subfield>
            <subfield code="e">Beziehung familiaer</subfield>
            <subfield code="9">v:Tochter</subfield>
        </datafield>
        <datafield tag="500" ind1="1" ind2=" ">
            <subfield code="0">(DE-101)119141612</subfield>
            <subfield code="0">(DE-588)119141612</subfield>
            <subfield code="a">Mann-Borgese, Elisabeth</subfield>
            <subfield code="d">1918-2002</subfield>
            <subfield code="9">4:bezf</subfield>
            <subfield code="w">r</subfield>
            <subfield code="i">Beziehung familiaer</subfield>
            <subfield code="e">Beziehung familiaer</subfield>
            <subfield code="9">v:Tochter</subfield>
        </datafield>
        <datafield tag="500" ind1="1" ind2=" ">
            <subfield code="0">(DE-101)118577115</subfield>
            <subfield code="0">(DE-588)118577115</subfield>
            <subfield code="a">Mann, Michael</subfield>
            <subfield code="d">1919-1977</subfield>
            <subfield code="9">4:bezf</subfield>
            <subfield code="w">r</subfield>
            <subfield code="i">Beziehung familiaer</subfield>
            <subfield code="e">Beziehung familiaer</subfield>
            <subfield code="9">v:Sohn</subfield>
        </datafield>
        <datafield tag="500" ind1="1" ind2=" ">
            <subfield code="0">(DE-101)137501102</subfield>
            <subfield code="0">(DE-588)137501102</subfield>
            <subfield code="a">Mann, Stefan</subfield>
            <subfield code="d">1968-</subfield>
            <subfield code="9">4:bezf</subfield>
            <subfield code="w">r</subfield>
            <subfield code="i">Beziehung familiaer</subfield>
            <subfield code="e">Beziehung familiaer</subfield>
            <subfield code="9">v:Urenkel</subfield>
        </datafield>
        <datafield tag="500" ind1="1" ind2=" ">
            <subfield code="0">(DE-101)116290706</subfield>
            <subfield code="0">(DE-588)116290706</subfield>
            <subfield code="a">Pringsheim, Peter</subfield>
            <subfield code="d">1881-1963</subfield>
            <subfield code="9">4:bezf</subfield>
            <subfield code="w">r</subfield>
            <subfield code="i">Beziehung familiaer</subfield>
            <subfield code="e">Beziehung familiaer</subfield>
            <subfield code="9">v:Schwager</subfield>
        </datafield>
        <datafield tag="500" ind1="1" ind2=" ">
            <subfield code="0">(DE-101)118577131</subfield>
            <subfield code="0">(DE-588)118577131</subfield>
            <subfield code="a">Mann, Heinrich</subfield>
            <subfield code="d">1871-1950</subfield>
            <subfield code="9">4:bezf</subfield>
            <subfield code="w">r</subfield>
            <subfield code="i">Beziehung familiaer</subfield>
            <subfield code="e">Beziehung familiaer</subfield>
            <subfield code="9">v:Bruder</subfield>
        </datafield>
        <datafield tag="500" ind1="1" ind2=" ">
            <subfield code="0">(DE-101)11673356X</subfield>
            <subfield code="0">(DE-588)11673356X</subfield>
            <subfield code="a">Mann, Viktor</subfield>
            <subfield code="d">1890-1949</subfield>
            <subfield code="9">4:bezf</subfield>
            <subfield code="w">r</subfield>
            <subfield code="i">Beziehung familiaer</subfield>
            <subfield code="e">Beziehung familiaer</subfield>
            <subfield code="9">v:Bruder</subfield>
        </datafield>
        <datafield tag="500" ind1="1" ind2=" ">
            <subfield code="0">(DE-101)119007290</subfield>
            <subfield code="0">(DE-588)119007290</subfield>
            <subfield code="a">Mann, Julia</subfield>
            <subfield code="d">1851-1925</subfield>
            <subfield code="9">4:bezf</subfield>
            <subfield code="w">r</subfield>
            <subfield code="i">Beziehung familiaer</subfield>
            <subfield code="e">Beziehung familiaer</subfield>
            <subfield code="9">v:Mutter</subfield>
        </datafield>
        <datafield tag="500" ind1="1" ind2=" ">
            <subfield code="0">(DE-101)137103603</subfield>
            <subfield code="0">(DE-588)137103603</subfield>
            <subfield code="a">Mann, Carla</subfield>
            <subfield code="d">1881-1910</subfield>
            <subfield code="9">4:bezf</subfield>
            <subfield code="w">r</subfield>
            <subfield code="i">Beziehung familiaer</subfield>
            <subfield code="e">Beziehung familiaer</subfield>
            <subfield code="9">v:Schwester</subfield>
        </datafield>
        <datafield tag="500" ind1="1" ind2=" ">
            <subfield code="0">(DE-101)116736488</subfield>
            <subfield code="0">(DE-588)116736488</subfield>
            <subfield code="a">Mann, Frido</subfield>
            <subfield code="d">1940-</subfield>
            <subfield code="9">4:bezf</subfield>
            <subfield code="w">r</subfield>
            <subfield code="i">Beziehung familiaer</subfield>
            <subfield code="e">Beziehung familiaer</subfield>
            <subfield code="9">v:Enkel</subfield>
        </datafield>
        <datafield tag="500" ind1="1" ind2=" ">
            <subfield code="0">(DE-101)118542850</subfield>
            <subfield code="0">(DE-588)118542850</subfield>
            <subfield code="a">Gründgens, Gustaf</subfield>
            <subfield code="d">1899-1963</subfield>
            <subfield code="9">4:bezf</subfield>
            <subfield code="w">r</subfield>
            <subfield code="i">Beziehung familiaer</subfield>
            <subfield code="e">Beziehung familiaer</subfield>
            <subfield code="9">v:Schwiegersohn</subfield>
        </datafield>
        <datafield tag="500" ind1="1" ind2=" ">
            <subfield code="0">(DE-101)116759305</subfield>
            <subfield code="0">(DE-588)116759305</subfield>
            <subfield code="a">Herz, Ida</subfield>
            <subfield code="d">1894-1984</subfield>
            <subfield code="9">4:beza</subfield>
            <subfield code="w">r</subfield>
            <subfield code="i">Bekanntschaft</subfield>
            <subfield code="e">Bekanntschaft</subfield>
            <subfield code="9">v:Archivarin</subfield>
        </datafield>
        <datafield tag="500" ind1="1" ind2=" ">
            <subfield code="0">(DE-101)120271354</subfield>
            <subfield code="0">(DE-588)120271354</subfield>
            <subfield code="a">Reach, Hilde</subfield>
            <subfield code="d">1917-</subfield>
            <subfield code="9">4:beza</subfield>
            <subfield code="w">r</subfield>
            <subfield code="i">Bekanntschaft</subfield>
            <subfield code="e">Bekanntschaft</subfield>
            <subfield code="9">v:Sekretärin</subfield>
        </datafield>
        <datafield tag="548" ind1=" " ind2=" ">
            <subfield code="a">1875-1955</subfield>
            <subfield code="9">4:datl</subfield>
            <subfield code="w">r</subfield>
            <subfield code="i">Lebensdaten</subfield>
        </datafield>
        <datafield tag="548" ind1=" " ind2=" ">
            <subfield code="a">06.06.1875-12.08.1955</subfield>
            <subfield code="9">4:datx</subfield>
            <subfield code="w">r</subfield>
            <subfield code="i">Exakte Lebensdaten</subfield>
        </datafield>
        <datafield tag="550" ind1=" " ind2=" ">
            <subfield code="0">(DE-101)040533093</subfield>
            <subfield code="0">(DE-588)4053309-8</subfield>
            <subfield code="a">Schriftsteller</subfield>
            <subfield code="9">4:berc</subfield>
            <subfield code="w">r</subfield>
            <subfield code="i">Charakteristischer Beruf</subfield>
        </datafield>
        <datafield tag="550" ind1=" " ind2=" ">
            <subfield code="0">(DE-101)040272494</subfield>
            <subfield code="0">(DE-588)4027249-7</subfield>
            <subfield code="a">Intellektueller</subfield>
            <subfield code="9">4:beru</subfield>
            <subfield code="w">r</subfield>
            <subfield code="i">Beruf</subfield>
        </datafield>
        <datafield tag="550" ind1=" " ind2=" ">
            <subfield code="0">(DE-101)040424219</subfield>
            <subfield code="0">(DE-588)4042421-2</subfield>
            <subfield code="a">Nobelpreisträger</subfield>
            <subfield code="9">4:beru</subfield>
            <subfield code="w">r</subfield>
            <subfield code="i">Beruf</subfield>
        </datafield>
        <datafield tag="550" ind1=" " ind2=" ">
            <subfield code="a">i</subfield>
            <subfield code="9">4:funk</subfield>
            <subfield code="w">r</subfield>
            <subfield code="i">Funktion</subfield>
        </datafield>
        <datafield tag="550" ind1=" " ind2=" ">
            <subfield code="a">Sprechst.</subfield>
            <subfield code="9">4:istr</subfield>
            <subfield code="w">r</subfield>
            <subfield code="i">Instrument</subfield>
        </datafield>
        <datafield tag="551" ind1=" " ind2=" ">
            <subfield code="0">(DE-101)040364836</subfield>
            <subfield code="0">(DE-588)4036483-5</subfield>
            <subfield code="a">Lübeck</subfield>
            <subfield code="9">4:ortg</subfield>
            <subfield code="w">r</subfield>
            <subfield code="i">Geburtsort</subfield>
        </datafield>
        <datafield tag="551" ind1=" " ind2=" ">
            <subfield code="0">(DE-101)04068038X</subfield>
            <subfield code="0">(DE-588)4068038-1</subfield>
            <subfield code="a">Zürich</subfield>
            <subfield code="9">4:orts</subfield>
            <subfield code="w">r</subfield>
            <subfield code="i">Sterbeort</subfield>
        </datafield>
        <datafield tag="551" ind1=" " ind2=" ">
            <subfield code="0">(DE-101)041277937</subfield>
            <subfield code="0">(DE-588)4127793-4</subfield>
            <subfield code="a">München</subfield>
            <subfield code="9">4:ortw</subfield>
            <subfield code="w">r</subfield>
            <subfield code="i">Wirkungsort</subfield>
        </datafield>
        <datafield tag="551" ind1=" " ind2=" ">
            <subfield code="0">(DE-101)00726318X</subfield>
            <subfield code="0">(DE-588)2076742-0</subfield>
            <subfield code="a">Küsnacht</subfield>
            <subfield code="9">4:ortw</subfield>
            <subfield code="w">r</subfield>
            <subfield code="i">Wirkungsort</subfield>
        </datafield>
        <datafield tag="551" ind1=" " ind2=" ">
            <subfield code="0">(DE-101)041033000</subfield>
            <subfield code="0">(DE-588)4103300-0</subfield>
            <subfield code="a">Princeton, NJ</subfield>
            <subfield code="9">4:ortw</subfield>
            <subfield code="w">r</subfield>
            <subfield code="i">Wirkungsort</subfield>
        </datafield>
        <datafield tag="551" ind1=" " ind2=" ">
            <subfield code="0">(DE-101)040538818</subfield>
            <subfield code="0">(DE-588)4053881-3</subfield>
            <subfield code="a">Schweiz</subfield>
            <subfield code="9">4:ortx</subfield>
            <subfield code="w">r</subfield>
            <subfield code="i">Exil</subfield>
            <subfield code="9">Z:1933</subfield>
        </datafield>
        <datafield tag="551" ind1=" " ind2=" ">
            <subfield code="0">(DE-101)040787044</subfield>
            <subfield code="0">(DE-588)4078704-7</subfield>
            <subfield code="a">USA</subfield>
            <subfield code="9">4:ortx</subfield>
            <subfield code="w">r</subfield>
            <subfield code="i">Exil</subfield>
            <subfield code="9">Z:1938</subfield>
        </datafield>
        <datafield tag="551" ind1=" " ind2=" ">
            <subfield code="0">(DE-101)040538818</subfield>
            <subfield code="0">(DE-588)4053881-3</subfield>
            <subfield code="a">Schweiz</subfield>
            <subfield code="9">4:ortx</subfield>
            <subfield code="w">r</subfield>
            <subfield code="i">Exil</subfield>
            <subfield code="9">Z:1952</subfield>
        </datafield>
        <datafield tag="667" ind1=" " ind2=" ">
            <subfield code="a">NDSBIO</subfield>
        </datafield>
        <datafield tag="667" ind1=" " ind2=" ">
            <subfield code="a">7</subfield>
        </datafield>
        <datafield tag="667" ind1=" " ind2=" ">
            <subfield code="a">384</subfield>
        </datafield>
        <datafield tag="667" ind1=" " ind2=" ">
            <subfield code="a">12</subfield>
        </datafield>
        <datafield tag="670" ind1=" " ind2=" ">
            <subfield code="a">DbA (WBIS); Wikipedia</subfield>
        </datafield>
        <datafield tag="670" ind1=" " ind2=" ">
            <subfield code="a">M</subfield>
        </datafield>
        <datafield tag="670" ind1=" " ind2=" ">
            <subfield code="a">LCAuth</subfield>
        </datafield>
        <datafield tag="670" ind1=" " ind2=" ">
            <subfield code="a">Biogr. H Emigr.</subfield>
        </datafield>
        <datafield tag="670" ind1=" " ind2=" ">
            <subfield code="a">Archiv der American Guild for German Cultural Freedom, New York im Deutschen Exilarchiv 1933 - 1945</subfield>
        </datafield>
        <datafield tag="678" ind1=" " ind2=" ">
            <subfield code="b">1914-1918 patriotische Einstellung, später Distanzierung davon; 1929 Nobelpreis für Literatur</subfield>
        </datafield>
        <datafield tag="700" ind1="1" ind2="7">
            <subfield code="a">Mann, Thomas</subfield>
            <subfield code="d">1875-1955</subfield>
            <subfield code="0">(DLC)n 78095625</subfield>
            <subfield code="2">naf</subfield>
            <subfield code="9">v:1875-1955</subfield>
        </datafield>
        <datafield tag="700" ind1="0" ind2="4">
            <subfield code="9">U:Hans</subfield>
            <subfield code="a">托马斯·曼</subfield>
            <subfield code="5">DE-576</subfield>
            <subfield code="9">v:Original</subfield>
        </datafield>
        <datafield tag="913" ind1=" " ind2=" ">
            <subfield code="S">pnd</subfield>
            <subfield code="i">a</subfield>
            <subfield code="a">Mann, Thomas</subfield>
            <subfield code="0">(DE-588a)118577166</subfield>
        </datafield>
    </record>