
    <record type="Authority">
        <leader>03669nz  a2200889n  4500</leader>
        <controlfield tag="001">118541579</controlfield>
        <controlfield tag="003">DE-101</controlfield>
        <controlfield tag="005">20150414095325.0</controlfield>
        <controlfield tag="008">880701n||azznnaabn           | aaa    |c</controlfield>
        <datafield tag="024" ind1="7" ind2=" ">
            <subfield code="a">http://d-nb.info/gnd/118541579</subfield>
            <subfield code="2">uri</subfield>
        </datafield>
        <datafield tag="035" ind1=" " ind2=" ">
            <subfield code="a">(DE-101)118541579</subfield>
        </datafield>
        <datafield tag="035" ind1=" " ind2=" ">
            <subfield code="a">(DE-588)118541579</subfield>
        </datafield>
        <datafield tag="035" ind1=" " ind2=" ">
            <subfield code="z">(DE-588)1020430370</subfield>
        </datafield>
        <datafield tag="035" ind1=" " ind2=" ">
            <subfield code="z">(DE-588a)1020430370</subfield>
            <subfield code="9">v:zg</subfield>
        </datafield>
        <datafield tag="035" ind1=" " ind2=" ">
            <subfield code="z">(DE-588a)118541579</subfield>
            <subfield code="9">v:zg</subfield>
        </datafield>
        <datafield tag="035" ind1=" " ind2=" ">
            <subfield code="z">(DE-588a)135186056</subfield>
        </datafield>
        <datafield tag="035" ind1=" " ind2=" ">
            <subfield code="z">(DE-101c)310876052</subfield>
        </datafield>
        <datafield tag="035" ind1=" " ind2=" ">
            <subfield code="z">(DE-588c)4021866-1</subfield>
            <subfield code="9">v:zg</subfield>
        </datafield>
        <datafield tag="040" ind1=" " ind2=" ">
            <subfield code="a">DE-101</subfield>
            <subfield code="9">r:DE-101</subfield>
            <subfield code="b">ger</subfield>
            <subfield code="d">0384</subfield>
            <subfield code="e">rda</subfield>
        </datafield>
        <datafield tag="043" ind1=" " ind2=" ">
            <subfield code="c">XA-DE</subfield>
        </datafield>
        <datafield tag="065" ind1=" " ind2=" ">
            <subfield code="a">12.2p</subfield>
            <subfield code="2">sswd</subfield>
        </datafield>
        <datafield tag="065" ind1=" " ind2=" ">
            <subfield code="a">13.4p</subfield>
            <subfield code="2">sswd</subfield>
        </datafield>
        <datafield tag="079" ind1=" " ind2=" ">
            <subfield code="a">g</subfield>
            <subfield code="b">p</subfield>
            <subfield code="c">1</subfield>
            <subfield code="q">s</subfield>
            <subfield code="q">f</subfield>
            <subfield code="q">z</subfield>
            <subfield code="q">h</subfield>
            <subfield code="q">l</subfield>
            <subfield code="u">v</subfield>
            <subfield code="u">w</subfield>
            <subfield code="u">k</subfield>
            <subfield code="u">m</subfield>
            <subfield code="u">h</subfield>
            <subfield code="u">z</subfield>
            <subfield code="u">o</subfield>
            <subfield code="v">piz</subfield>
        </datafield>
        <datafield tag="100" ind1="1" ind2=" ">
            <subfield code="a">Grass, Günter</subfield>
            <subfield code="d">1927-2015</subfield>
        </datafield>
        <datafield tag="375" ind1=" " ind2=" ">
            <subfield code="a">1</subfield>
            <subfield code="2">iso5218</subfield>
        </datafield>
        <datafield tag="377" ind1=" " ind2="7">
            <subfield code="a">ger</subfield>
            <subfield code="2">iso639-2b</subfield>
        </datafield>
        <datafield tag="400" ind1="1" ind2=" ">
            <subfield code="a">Grass, Günther</subfield>
            <subfield code="d">1927-2015</subfield>
        </datafield>
        <datafield tag="400" ind1="1" ind2=" ">
            <subfield code="a">Grass, Ginters</subfield>
            <subfield code="d">1927-2015</subfield>
        </datafield>
        <datafield tag="400" ind1="1" ind2=" ">
            <subfield code="a">Grass, Gjunter</subfield>
            <subfield code="d">1927-2015</subfield>
        </datafield>
        <datafield tag="400" ind1="1" ind2=" ">
            <subfield code="a">Grass, Gunterus</subfield>
            <subfield code="d">1927-2015</subfield>
        </datafield>
        <datafield tag="400" ind1="1" ind2=" ">
            <subfield code="a">Gras, Ginṭer</subfield>
            <subfield code="d">1927-2015</subfield>
        </datafield>
        <datafield tag="400" ind1="1" ind2=" ">
            <subfield code="a">Gras, Gjunter</subfield>
            <subfield code="d">1927-2015</subfield>
        </datafield>
        <datafield tag="400" ind1="1" ind2=" ">
            <subfield code="a">Grâs, Gînter</subfield>
            <subfield code="d">1927-2015</subfield>
        </datafield>
        <datafield tag="400" ind1="1" ind2=" ">
            <subfield code="a">Grās, Gūntir</subfield>
            <subfield code="d">1927-2015</subfield>
        </datafield>
        <datafield tag="400" ind1="1" ind2=" ">
            <subfield code="a">Ğrās, Ğūntar</subfield>
            <subfield code="d">1927-2015</subfield>
        </datafield>
        <datafield tag="400" ind1="1" ind2=" ">
            <subfield code="a">Gras, Gynter</subfield>
            <subfield code="d">1927-2015</subfield>
        </datafield>
        <datafield tag="400" ind1="1" ind2=" ">
            <subfield code="a">Grasas, G.</subfield>
            <subfield code="d">1927-2015</subfield>
        </datafield>
        <datafield tag="400" ind1="1" ind2=" ">
            <subfield code="a">Gkras, Gkynter</subfield>
            <subfield code="d">1927-2015</subfield>
        </datafield>
        <datafield tag="400" ind1="1" ind2=" ">
            <subfield code="a">Gkrass, Gkynter</subfield>
            <subfield code="d">1927-2015</subfield>
        </datafield>
        <datafield tag="400" ind1="1" ind2=" ">
            <subfield code="a">Gurasu, Gyuntā</subfield>
            <subfield code="d">1927-2015</subfield>
        </datafield>
        <datafield tag="400" ind1="1" ind2=" ">
            <subfield code="a">Gelasi, Junte</subfield>
            <subfield code="d">1927-2015</subfield>
        </datafield>
        <datafield tag="400" ind1="0" ind2=" ">
            <subfield code="a">Junte-Gelasi</subfield>
            <subfield code="d">1927-2015</subfield>
        </datafield>
        <datafield tag="400" ind1="1" ind2=" ">
            <subfield code="a">Kŭrasŭ, Kwint'ô</subfield>
            <subfield code="d">1927-2015</subfield>
        </datafield>
        <datafield tag="400" ind1="1" ind2=" ">
            <subfield code="a">Grasi, Giunter</subfield>
            <subfield code="d">1927-2015</subfield>
        </datafield>
        <datafield tag="400" ind1="1" ind2=" ">
            <subfield code="a">Knoff, Artur</subfield>
            <subfield code="d">1927-2015</subfield>
            <subfield code="9">4:pseu</subfield>
            <subfield code="w">r</subfield>
            <subfield code="i">Pseudonym</subfield>
            <subfield code="e">Pseudonym</subfield>
        </datafield>
        <datafield tag="400" ind1="0" ind2=" ">
            <subfield code="a">Jun te Ge la si</subfield>
            <subfield code="d">1927-2015</subfield>
        </datafield>
        <datafield tag="400" ind1="0" ind2=" ">
            <subfield code="a">Junte-Gelasi</subfield>
            <subfield code="d">1927-2015</subfield>
        </datafield>
        <datafield tag="400" ind1="1" ind2=" ">
            <subfield code="a">Gelasi, Junte</subfield>
            <subfield code="d">1927-2015</subfield>
        </datafield>
        <datafield tag="400" ind1="0" ind2=" ">
            <subfield code="9">U:Arab</subfield>
            <subfield code="a">جراس، جونتر</subfield>
            <subfield code="d">1927-2015</subfield>
            <subfield code="5">DE-576</subfield>
        </datafield>
        <datafield tag="400" ind1="1" ind2=" ">
            <subfield code="9">U:Kore</subfield>
            <subfield code="a">그라스, 귄터</subfield>
            <subfield code="d">1927-2015</subfield>
            <subfield code="5">DE-576</subfield>
        </datafield>
        <datafield tag="400" ind1="1" ind2=" ">
            <subfield code="9">U:Hebr</subfield>
            <subfield code="a">גראס, גינטר</subfield>
            <subfield code="d">1927-2015</subfield>
            <subfield code="5">DE-576</subfield>
        </datafield>
        <datafield tag="400" ind1="0" ind2=" ">
            <subfield code="9">U:Hans</subfield>
            <subfield code="a">君特・格拉斯</subfield>
            <subfield code="d">1927-2015</subfield>
            <subfield code="5">DE-576</subfield>
        </datafield>
        <datafield tag="400" ind1="0" ind2=" ">
            <subfield code="9">U:Jpan</subfield>
            <subfield code="a">ギュンター・グラス</subfield>
            <subfield code="d">1927-2015</subfield>
            <subfield code="5">DE-576</subfield>
        </datafield>
        <datafield tag="400" ind1="1" ind2=" ">
            <subfield code="9">U:Hans</subfield>
            <subfield code="a">格拉斯, 君特</subfield>
            <subfield code="d">1927-2015</subfield>
            <subfield code="5">DE-576</subfield>
        </datafield>
        <datafield tag="500" ind1="1" ind2=" ">
            <subfield code="0">(DE-101)133726711</subfield>
            <subfield code="0">(DE-588)133726711</subfield>
            <subfield code="a">Grass, Anna</subfield>
            <subfield code="d">1932-</subfield>
            <subfield code="9">4:bezf</subfield>
            <subfield code="w">r</subfield>
            <subfield code="i">Beziehung familiaer</subfield>
            <subfield code="e">Beziehung familiaer</subfield>
            <subfield code="9">v:1. Ehefrau</subfield>
        </datafield>
        <datafield tag="548" ind1=" " ind2=" ">
            <subfield code="a">1927-2015</subfield>
            <subfield code="9">4:datl</subfield>
            <subfield code="w">r</subfield>
            <subfield code="i">Lebensdaten</subfield>
        </datafield>
        <datafield tag="548" ind1=" " ind2=" ">
            <subfield code="a">16.10.1927-13.04.2015</subfield>
            <subfield code="9">4:datx</subfield>
            <subfield code="w">r</subfield>
            <subfield code="i">Exakte Lebensdaten</subfield>
        </datafield>
        <datafield tag="550" ind1=" " ind2=" ">
            <subfield code="0">(DE-101)040533093</subfield>
            <subfield code="0">(DE-588)4053309-8</subfield>
            <subfield code="a">Schriftsteller</subfield>
            <subfield code="9">4:berc</subfield>
            <subfield code="w">r</subfield>
            <subfield code="i">Charakteristischer Beruf</subfield>
        </datafield>
        <datafield tag="550" ind1=" " ind2=" ">
            <subfield code="0">(DE-101)041402413</subfield>
            <subfield code="0">(DE-588)4140241-8</subfield>
            <subfield code="a">Dramatiker</subfield>
            <subfield code="9">4:beru</subfield>
            <subfield code="w">r</subfield>
            <subfield code="i">Beruf</subfield>
        </datafield>
        <datafield tag="550" ind1=" " ind2=" ">
            <subfield code="0">(DE-101)041251733</subfield>
            <subfield code="0">(DE-588)4125173-8</subfield>
            <subfield code="a">Graphiker</subfield>
            <subfield code="9">4:beru</subfield>
            <subfield code="w">r</subfield>
            <subfield code="i">Beruf</subfield>
        </datafield>
        <datafield tag="550" ind1=" " ind2=" ">
            <subfield code="0">(DE-101)041395506</subfield>
            <subfield code="0">(DE-588)4139550-5</subfield>
            <subfield code="a">Bildhauer</subfield>
            <subfield code="9">4:beru</subfield>
            <subfield code="w">r</subfield>
            <subfield code="i">Beruf</subfield>
        </datafield>
        <datafield tag="550" ind1=" " ind2=" ">
            <subfield code="0">(DE-101)040372154</subfield>
            <subfield code="0">(DE-588)4037215-7</subfield>
            <subfield code="a">Maler</subfield>
            <subfield code="9">4:beru</subfield>
            <subfield code="w">r</subfield>
            <subfield code="i">Beruf</subfield>
        </datafield>
        <datafield tag="550" ind1=" " ind2=" ">
            <subfield code="0">(DE-101)040334236</subfield>
            <subfield code="0">(DE-588)4033423-5</subfield>
            <subfield code="a">Künstler</subfield>
            <subfield code="9">4:beru</subfield>
            <subfield code="w">r</subfield>
            <subfield code="i">Beruf</subfield>
        </datafield>
        <datafield tag="550" ind1=" " ind2=" ">
            <subfield code="a">s</subfield>
            <subfield code="9">4:funk</subfield>
            <subfield code="w">r</subfield>
            <subfield code="i">Funktion</subfield>
        </datafield>
        <datafield tag="550" ind1=" " ind2=" ">
            <subfield code="a">Text</subfield>
            <subfield code="9">4:funk</subfield>
            <subfield code="w">r</subfield>
            <subfield code="i">Funktion</subfield>
        </datafield>
        <datafield tag="551" ind1=" " ind2=" ">
            <subfield code="0">(DE-101)040110397</subfield>
            <subfield code="0">(DE-588)4011039-4</subfield>
            <subfield code="a">Danzig</subfield>
            <subfield code="9">4:ortg</subfield>
            <subfield code="w">r</subfield>
            <subfield code="i">Geburtsort</subfield>
        </datafield>
        <datafield tag="551" ind1=" " ind2=" ">
            <subfield code="0">(DE-101)040364836</subfield>
            <subfield code="0">(DE-588)4036483-5</subfield>
            <subfield code="a">Lübeck</subfield>
            <subfield code="9">4:orts</subfield>
            <subfield code="w">r</subfield>
            <subfield code="i">Sterbeort</subfield>
        </datafield>
        <datafield tag="667" ind1=" " ind2=" ">
            <subfield code="a">12</subfield>
        </datafield>
        <datafield tag="667" ind1=" " ind2=" ">
            <subfield code="a">OENAK</subfield>
        </datafield>
        <datafield tag="667" ind1=" " ind2=" ">
            <subfield code="a">18.14.00</subfield>
            <subfield code="5">BDSL</subfield>
        </datafield>
        <datafield tag="670" ind1=" " ind2=" ">
            <subfield code="a">LCAuth</subfield>
        </datafield>
        <datafield tag="670" ind1=" " ind2=" ">
            <subfield code="a">M</subfield>
        </datafield>
        <datafield tag="670" ind1=" " ind2=" ">
            <subfield code="a">SPON</subfield>
            <subfield code="b">Stand: 13.04.2015</subfield>
            <subfield code="u">http://www.spiegel.de/kultur/literatur/guenter-grass-ist-tot-a-1028275.html</subfield>
        </datafield>
        <datafield tag="678" ind1=" " ind2=" ">
            <subfield code="b">Nobelpreis für Literatur 1999,</subfield>
        </datafield>
        <datafield tag="678" ind1=" " ind2=" ">
            <subfield code="b">Georg-Büchner-Preisträger 1965</subfield>
        </datafield>
        <datafield tag="700" ind1="1" ind2="7">
            <subfield code="a">Grass, Günter, 1927-</subfield>
            <subfield code="d">1927-2015</subfield>
            <subfield code="0">(uri)http://lccn.loc.gov/n80085270</subfield>
            <subfield code="2">naf</subfield>
        </datafield>
        <datafield tag="913" ind1=" " ind2=" ">
            <subfield code="S">pnd</subfield>
            <subfield code="i">a</subfield>
            <subfield code="a">Grass, Günter</subfield>
            <subfield code="0">(DE-588a)118541579</subfield>
        </datafield>
    </record>