
    <record xmlns="http://www.loc.gov/MARC21/slim" type="Authority">
        <leader>04014nz  a2201045n  4500</leader>
        <controlfield tag="001">118559230</controlfield>
        <controlfield tag="003">DE-101</controlfield>
        <controlfield tag="005">20150218114838.0</controlfield>
        <controlfield tag="008">880701n||azznnaabn           | aaa    |c</controlfield>
        <datafield tag="024" ind1="7" ind2=" ">
            <subfield code="a">http://d-nb.info/gnd/118559230</subfield>
            <subfield code="2">uri</subfield>
        </datafield>
        <datafield tag="035" ind1=" " ind2=" ">
            <subfield code="a">(DE-101)118559230</subfield>
        </datafield>
        <datafield tag="035" ind1=" " ind2=" ">
            <subfield code="a">(DE-588)118559230</subfield>
        </datafield>
        <datafield tag="035" ind1=" " ind2=" ">
            <subfield code="z">(DE-588)127133585</subfield>
        </datafield>
        <datafield tag="035" ind1=" " ind2=" ">
            <subfield code="z">(DE-588a)127133585</subfield>
            <subfield code="9">v:zg</subfield>
        </datafield>
        <datafield tag="035" ind1=" " ind2=" ">
            <subfield code="z">(DE-588)1028182384</subfield>
        </datafield>
        <datafield tag="035" ind1=" " ind2=" ">
            <subfield code="z">(DE-588)1022122517</subfield>
        </datafield>
        <datafield tag="035" ind1=" " ind2=" ">
            <subfield code="z">(DE-588a)118559230</subfield>
            <subfield code="9">v:zg</subfield>
        </datafield>
        <datafield tag="035" ind1=" " ind2=" ">
            <subfield code="z">(DE-588a)160009154</subfield>
        </datafield>
        <datafield tag="035" ind1=" " ind2=" ">
            <subfield code="z">(DE-588a)127266623</subfield>
        </datafield>
        <datafield tag="035" ind1=" " ind2=" ">
            <subfield code="z">(DE-588a)134676912</subfield>
        </datafield>
        <datafield tag="035" ind1=" " ind2=" ">
            <subfield code="z">(DE-588a)127133593</subfield>
        </datafield>
        <datafield tag="035" ind1=" " ind2=" ">
            <subfield code="z">(DE-101c)310366917</subfield>
        </datafield>
        <datafield tag="035" ind1=" " ind2=" ">
            <subfield code="z">(DE-588c)4029205-8</subfield>
            <subfield code="9">v:zg</subfield>
        </datafield>
        <datafield tag="040" ind1=" " ind2=" ">
            <subfield code="a">DE-101</subfield>
            <subfield code="9">r:DE-101</subfield>
            <subfield code="b">ger</subfield>
            <subfield code="d">1140</subfield>
        </datafield>
        <datafield tag="043" ind1=" " ind2=" ">
            <subfield code="c">XA-CZ</subfield>
            <subfield code="c">XA-AT</subfield>
            <subfield code="c">XA-DE</subfield>
        </datafield>
        <datafield tag="065" ind1=" " ind2=" ">
            <subfield code="a">12.2p</subfield>
            <subfield code="2">sswd</subfield>
        </datafield>
        <datafield tag="079" ind1=" " ind2=" ">
            <subfield code="a">g</subfield>
            <subfield code="b">p</subfield>
            <subfield code="c">1</subfield>
            <subfield code="q">s</subfield>
            <subfield code="q">f</subfield>
            <subfield code="q">z</subfield>
            <subfield code="q">l</subfield>
            <subfield code="u">v</subfield>
            <subfield code="u">w</subfield>
            <subfield code="u">k</subfield>
            <subfield code="u">m</subfield>
            <subfield code="u">e</subfield>
            <subfield code="u">z</subfield>
            <subfield code="u">o</subfield>
            <subfield code="v">piz</subfield>
        </datafield>
        <datafield tag="100" ind1="1" ind2=" ">
            <subfield code="a">Kafka, Franz</subfield>
            <subfield code="d">1883-1924</subfield>
        </datafield>
        <datafield tag="375" ind1=" " ind2=" ">
            <subfield code="a">1</subfield>
            <subfield code="2">iso5218</subfield>
        </datafield>
        <datafield tag="400" ind1="1" ind2=" ">
            <subfield code="a">Kafka, Franc</subfield>
            <subfield code="d">1883-1924</subfield>
        </datafield>
        <datafield tag="400" ind1="1" ind2=" ">
            <subfield code="a">Kafka, Francas</subfield>
            <subfield code="d">1883-1924</subfield>
        </datafield>
        <datafield tag="400" ind1="1" ind2=" ">
            <subfield code="a">Kafka, Francs</subfield>
            <subfield code="d">1883-1924</subfield>
        </datafield>
        <datafield tag="400" ind1="1" ind2=" ">
            <subfield code="a">Kafka, Frank</subfield>
            <subfield code="d">1883-1924</subfield>
        </datafield>
        <datafield tag="400" ind1="1" ind2=" ">
            <subfield code="a">Kāfkā, Frānts</subfield>
            <subfield code="d">1883-1924</subfield>
        </datafield>
        <datafield tag="400" ind1="1" ind2=" ">
            <subfield code="a">Kāfka, Frānts</subfield>
            <subfield code="d">1883-1924</subfield>
        </datafield>
        <datafield tag="400" ind1="1" ind2=" ">
            <subfield code="a">Ḳafḳa, Frants</subfield>
            <subfield code="d">1883-1924</subfield>
        </datafield>
        <datafield tag="400" ind1="1" ind2=" ">
            <subfield code="a">Kāfkā, Frānz</subfield>
            <subfield code="d">1883-1924</subfield>
        </datafield>
        <datafield tag="400" ind1="1" ind2=" ">
            <subfield code="a">Kafka, F.</subfield>
            <subfield code="d">1883-1924</subfield>
        </datafield>
        <datafield tag="400" ind1="1" ind2=" ">
            <subfield code="a">Kafka, ...</subfield>
            <subfield code="d">1883-1924</subfield>
        </datafield>
        <datafield tag="400" ind1="1" ind2=" ">
            <subfield code="a">Kafkos, Franzo</subfield>
            <subfield code="d">1883-1924</subfield>
        </datafield>
        <datafield tag="400" ind1="1" ind2=" ">
            <subfield code="a">Kafuka, Furantsu</subfield>
            <subfield code="d">1883-1924</subfield>
        </datafield>
        <datafield tag="400" ind1="1" ind2=" ">
            <subfield code="a">Kafuka, ...</subfield>
            <subfield code="d">1883-1924</subfield>
        </datafield>
        <datafield tag="400" ind1="1" ind2=" ">
            <subfield code="a">Kaphka, Phrants</subfield>
            <subfield code="d">1883-1924</subfield>
        </datafield>
        <datafield tag="400" ind1="1" ind2=" ">
            <subfield code="a">Kāp̱hkā, Phrāntsa</subfield>
            <subfield code="d">1883-1924</subfield>
        </datafield>
        <datafield tag="400" ind1="1" ind2=" ">
            <subfield code="a">Kavka, Fr.</subfield>
            <subfield code="d">1883-1924</subfield>
        </datafield>
        <datafield tag="400" ind1="1" ind2=" ">
            <subfield code="a">Qafqâ, Franṣ</subfield>
            <subfield code="d">1883-1924</subfield>
        </datafield>
        <datafield tag="400" ind1="0" ind2=" ">
            <subfield code="a">Ka fu ka</subfield>
            <subfield code="d">1883-1924</subfield>
        </datafield>
        <datafield tag="400" ind1="0" ind2=" ">
            <subfield code="a">Ka-fu-ka</subfield>
            <subfield code="d">1883-1924</subfield>
        </datafield>
        <datafield tag="400" ind1="0" ind2=" ">
            <subfield code="a">Kafuka</subfield>
            <subfield code="d">1883-1924</subfield>
        </datafield>
        <datafield tag="400" ind1="1" ind2=" ">
            <subfield code="a">Kafuka, ...</subfield>
            <subfield code="d">1883-1924</subfield>
        </datafield>
        <datafield tag="400" ind1="0" ind2=" ">
            <subfield code="9">U:Arab</subfield>
            <subfield code="a">كافكا، فرانتس</subfield>
            <subfield code="d">1883-1924</subfield>
            <subfield code="5">DE-576</subfield>
        </datafield>
        <datafield tag="400" ind1="1" ind2=" ">
            <subfield code="9">U:Grek</subfield>
            <subfield code="a">Κάφκα, Φραντς</subfield>
            <subfield code="d">1883-1924</subfield>
            <subfield code="5">DE-576</subfield>
        </datafield>
        <datafield tag="400" ind1="0" ind2=" ">
            <subfield code="9">U:Hans</subfield>
            <subfield code="a">弗兰茨·卡夫卡</subfield>
            <subfield code="d">1883-1924</subfield>
            <subfield code="5">DE-576</subfield>
        </datafield>
        <datafield tag="400" ind1="1" ind2=" ">
            <subfield code="9">U:Hans</subfield>
            <subfield code="a">卡夫卡, 弗兰茨</subfield>
            <subfield code="d">1883-1924</subfield>
            <subfield code="5">DE-576</subfield>
        </datafield>
        <datafield tag="400" ind1="1" ind2=" ">
            <subfield code="9">U:Hebr</subfield>
            <subfield code="a">קאפקא, פרנץ</subfield>
            <subfield code="d">1883-1924</subfield>
            <subfield code="5">DE-576</subfield>
        </datafield>
        <datafield tag="400" ind1="0" ind2=" ">
            <subfield code="9">U:Jpan</subfield>
            <subfield code="a">フランツ・カフカ</subfield>
            <subfield code="d">1883-1924</subfield>
            <subfield code="5">DE-576</subfield>
        </datafield>
        <datafield tag="400" ind1="1" ind2=" ">
            <subfield code="9">U:Jpan</subfield>
            <subfield code="a">カフカ, フランツ</subfield>
            <subfield code="d">1883-1924</subfield>
            <subfield code="5">DE-576</subfield>
        </datafield>
        <datafield tag="400" ind1="1" ind2=" ">
            <subfield code="9">U:Arab</subfield>
            <subfield code="a">كافكا, فرانز</subfield>
            <subfield code="d">1883-1924</subfield>
        </datafield>
        <datafield tag="500" ind1="1" ind2=" ">
            <subfield code="0">(DE-101)118515624</subfield>
            <subfield code="0">(DE-588)118515624</subfield>
            <subfield code="a">Brod, Max</subfield>
            <subfield code="d">1884-1968</subfield>
            <subfield code="9">4:beza</subfield>
            <subfield code="w">r</subfield>
            <subfield code="i">Bekanntschaft</subfield>
            <subfield code="e">Bekanntschaft</subfield>
            <subfield code="9">v:Freund</subfield>
        </datafield>
        <datafield tag="500" ind1="1" ind2=" ">
            <subfield code="0">(DE-101)1017957134</subfield>
            <subfield code="0">(DE-588)1017957134</subfield>
            <subfield code="a">Bloch, Grete</subfield>
            <subfield code="d">1892-1944</subfield>
            <subfield code="9">4:beza</subfield>
            <subfield code="w">r</subfield>
            <subfield code="i">Bekanntschaft</subfield>
            <subfield code="e">Bekanntschaft</subfield>
            <subfield code="9">v:Korrespondentin</subfield>
        </datafield>
        <datafield tag="500" ind1="1" ind2=" ">
            <subfield code="0">(DE-101)118653695</subfield>
            <subfield code="0">(DE-588)118653695</subfield>
            <subfield code="a">Bauer, Felice</subfield>
            <subfield code="d">1887-1960</subfield>
            <subfield code="9">4:beza</subfield>
            <subfield code="w">r</subfield>
            <subfield code="i">Bekanntschaft</subfield>
            <subfield code="e">Bekanntschaft</subfield>
            <subfield code="9">v:Verlobte</subfield>
        </datafield>
        <datafield tag="548" ind1=" " ind2=" ">
            <subfield code="a">1883-1924</subfield>
            <subfield code="9">4:datl</subfield>
            <subfield code="w">r</subfield>
            <subfield code="i">Lebensdaten</subfield>
        </datafield>
        <datafield tag="548" ind1=" " ind2=" ">
            <subfield code="a">03.07.1883-03.06.1924</subfield>
            <subfield code="9">4:datx</subfield>
            <subfield code="w">r</subfield>
            <subfield code="i">Exakte Lebensdaten</subfield>
        </datafield>
        <datafield tag="550" ind1=" " ind2=" ">
            <subfield code="0">(DE-101)040533093</subfield>
            <subfield code="0">(DE-588)4053309-8</subfield>
            <subfield code="a">Schriftsteller</subfield>
            <subfield code="9">4:berc</subfield>
            <subfield code="w">r</subfield>
            <subfield code="i">Charakteristischer Beruf</subfield>
        </datafield>
        <datafield tag="550" ind1=" " ind2=" ">
            <subfield code="0">(DE-101)040290506</subfield>
            <subfield code="0">(DE-588)4029050-5</subfield>
            <subfield code="a">Jurist</subfield>
            <subfield code="9">4:beru</subfield>
            <subfield code="w">r</subfield>
            <subfield code="i">Beruf</subfield>
        </datafield>
        <datafield tag="550" ind1=" " ind2=" ">
            <subfield code="a">s</subfield>
            <subfield code="9">4:funk</subfield>
            <subfield code="w">r</subfield>
            <subfield code="i">Funktion</subfield>
        </datafield>
        <datafield tag="550" ind1=" " ind2=" ">
            <subfield code="a">Text</subfield>
            <subfield code="9">4:funk</subfield>
            <subfield code="w">r</subfield>
            <subfield code="i">Funktion</subfield>
        </datafield>
        <datafield tag="551" ind1=" " ind2=" ">
            <subfield code="0">(DE-101)040763102</subfield>
            <subfield code="0">(DE-588)4076310-9</subfield>
            <subfield code="a">Prag</subfield>
            <subfield code="9">4:ortg</subfield>
            <subfield code="w">r</subfield>
            <subfield code="i">Geburtsort</subfield>
        </datafield>
        <datafield tag="551" ind1=" " ind2=" ">
            <subfield code="0">(DE-101)954101561</subfield>
            <subfield code="0">(DE-588)4508720-9</subfield>
            <subfield code="a">Klosterneuburg-Kierling</subfield>
            <subfield code="9">4:orts</subfield>
            <subfield code="w">r</subfield>
            <subfield code="i">Sterbeort</subfield>
        </datafield>
        <datafield tag="667" ind1=" " ind2=" ">
            <subfield code="a">NDSBIO</subfield>
        </datafield>
        <datafield tag="667" ind1=" " ind2=" ">
            <subfield code="a">7</subfield>
        </datafield>
        <datafield tag="667" ind1=" " ind2=" ">
            <subfield code="a">12</subfield>
        </datafield>
        <datafield tag="670" ind1=" " ind2=" ">
            <subfield code="a">M</subfield>
        </datafield>
        <datafield tag="670" ind1=" " ind2=" ">
            <subfield code="a">B 1986</subfield>
        </datafield>
        <datafield tag="670" ind1=" " ind2=" ">
            <subfield code="a">DMA</subfield>
        </datafield>
        <datafield tag="670" ind1=" " ind2=" ">
            <subfield code="a">LCAuth</subfield>
        </datafield>
        <datafield tag="670" ind1=" " ind2=" ">
            <subfield code="a">Wikipedia</subfield>
        </datafield>
        <datafield tag="692" ind1=" " ind2=" ">
            <subfield code="a">Amerika. - 1927</subfield>
        </datafield>
        <datafield tag="692" ind1=" " ind2=" ">
            <subfield code="a">Der Heizer. - 1913</subfield>
        </datafield>
        <datafield tag="692" ind1=" " ind2=" ">
            <subfield code="a">Ein Hungerkünstler. - 1924</subfield>
        </datafield>
        <datafield tag="692" ind1=" " ind2=" ">
            <subfield code="a">In der Strafkolonie. - 1919</subfield>
        </datafield>
        <datafield tag="692" ind1=" " ind2=" ">
            <subfield code="a">Ein Landarzt. - 1919</subfield>
        </datafield>
        <datafield tag="692" ind1=" " ind2=" ">
            <subfield code="a">Perigraphē henos agōna. - 1982</subfield>
        </datafield>
        <datafield tag="692" ind1=" " ind2=" ">
            <subfield code="a">Der Prozeß. - 1925</subfield>
        </datafield>
        <datafield tag="692" ind1=" " ind2=" ">
            <subfield code="a">Das Schloß. - 1926</subfield>
        </datafield>
        <datafield tag="692" ind1=" " ind2=" ">
            <subfield code="a">Das Urteil. - 1916</subfield>
        </datafield>
        <datafield tag="692" ind1=" " ind2=" ">
            <subfield code="a">Die Verwandlung. - 1917</subfield>
        </datafield>
        <datafield tag="700" ind1="1" ind2="7">
            <subfield code="a">Kafka, Franz</subfield>
            <subfield code="d">1883-1924</subfield>
            <subfield code="0">(DLC)n  81063091</subfield>
            <subfield code="2">naf</subfield>
            <subfield code="9">v:1883-1924</subfield>
        </datafield>
        <datafield tag="913" ind1=" " ind2=" ">
            <subfield code="S">pnd</subfield>
            <subfield code="i">a</subfield>
            <subfield code="a">Kafka, Franz</subfield>
            <subfield code="0">(DE-588a)118559230</subfield>
        </datafield>
        <datafield tag="913" ind1=" " ind2=" ">
            <subfield code="S">pnd</subfield>
            <subfield code="i">a</subfield>
            <subfield code="a">Kafka, ...</subfield>
            <subfield code="0">(DE-588a)127133585</subfield>
        </datafield>
    </record>
</collection>
